@article{lstm,
  author    = {Zachary Chase Lipton},
  title     = {A Critical Review of Recurrent Neural Networks for Sequence Learning},
  journal   = {CoRR},
  volume    = {abs/1506.00019},
  year      = {2015},
  url       = {http://arxiv.org/abs/1506.00019},
  archivePrefix = {arXiv},
  eprint    = {1506.00019},
  timestamp = {Mon, 13 Aug 2018 16:48:10 +0200},
  biburl    = {https://dblp.org/rec/bib/journals/corr/Lipton15},
  bibsource = {dblp computer science bibliography, https://dblp.org}
}
@article{attention,
  author    = {Ashish Vaswani and
               Noam Shazeer and
               Niki Parmar and
               Jakob Uszkoreit and
               Llion Jones and
               Aidan N. Gomez and
               Lukasz Kaiser and
               Illia Polosukhin},
  title     = {Attention Is All You Need},
  journal   = {CoRR},
  volume    = {abs/1706.03762},
  year      = {2017},
  url       = {http://arxiv.org/abs/1706.03762},
  archivePrefix = {arXiv},
  eprint    = {1706.03762},
  timestamp = {Mon, 13 Aug 2018 16:48:37 +0200},
  biburl    = {https://dblp.org/rec/bib/journals/corr/VaswaniSPUJGKP17},
  bibsource = {dblp computer science bibliography, https://dblp.org}
}